<?xml version="1.0" encoding="UTF-8"?><collection xmlns="http://www.loc.gov/MARC21/slim"><record><leader>00495nam--2200145-i-4500</leader><controlfield tag="001">000011048</controlfield><controlfield tag="002">20161230</controlfield><controlfield tag="005">20161230201029</controlfield><controlfield tag="008">060222s1000------------r-----000-0-eng-d</controlfield><datafield ind1=" " ind2=" " tag="080"><subfield code="a">537.311.33(047.1):546.23(047.1)</subfield></datafield><datafield ind1=" " ind2=" " tag="100"><subfield code="a">Boehm, Juhani Von, Krusius, Peter, Suosara, Eero</subfield></datafield><datafield ind1=" " ind2=" " tag="245"><subfield code="a">Opw energy bands of trigonal selenium</subfield></datafield><datafield ind1=" " ind2=" " tag="260"><subfield code="a">Helsinki, The Finnish Academy Of Technical Sciences, 1972. 30 P</subfield></datafield><datafield ind1=" " ind2=" " tag="490"><subfield code="a">Acta Polytechnica Scandinavica. Physics Inclu Ding Nucleonics</subfield></datafield><datafield ind1=" " ind2=" " tag="852"><subfield code="a">6365</subfield></datafield></record></collection>